@incollection{berliner1996hierarchical,
  title={Hierarchical Bayesian time series models},
  author={Berliner, L.M.},
  booktitle={Maximum entropy and Bayesian methods},
  pages={15--22},
  year={1996},
  publisher={Springer}
}

@inproceedings{bilger1989structure,
  title={The structure of turbulent nonpremixed flames},
  author={Bilger, RW},
  booktitle={Symposium (International) on Combustion},
  volume={22},
  number={1},
  pages={475--488},
  year={1989},
  organization={Elsevier}
}

@article{cheung2011bayesian,
  title={Bayesian uncertainty analysis with applications to turbulence modeling},
  author={Cheung, S.H. and Oliver, T.A. and Prudencio, E.E. and Prudhomme, S. and Moser, R.D.},
  journal={Reliability Engineering \& System Safety},
  volume={96},
  number={9},
  pages={1137--1149},
  year={2011},
  publisher={Elsevier}
}

@Misc{Cantera,
   author={David G. Goodwin and Harry K. Moffat and Raymond L. Speth},
   title={Cantera: An Object-oriented Software Toolkit for Chemical
            Kinetics, Thermodynamics, and Transport Processes},
   year={2016},
   note={Version 2.2.1},
   howpublished={\url{http://www.cantera.org}}
}

@article{estacio2016queso,
  title={The QUESO Library, User's Manual},
  author={Estacio-Hiroms, Kemelli C and Prudencio, Ernesto E and Malaya, Nicholas P and Vohra, Manav and McDougall, Damon},
  journal={arXiv preprint arXiv:1611.07521},
  year={2016}
}
@article{hakim2016modeling,
  title={Modeling Auto-Ignition Transients in Reacting Diesel Jets},
  author={Hakim, Layal and Lacaze, Guilhem and Khalil, Mohammad and Najm, Habib N and Oefelein, Joseph C},
  journal={Journal of Engineering for Gas Turbines and Power},
  volume={138},
  number={11},
  pages={112806},
  year={2016},
  publisher={American Society of Mechanical Engineers}
}

@book{kee2005chemically,
  title={Chemically reacting flow: theory and practice},
  author={Kee, Robert J and Coltrin, Michael E and Glarborg, Peter},
  year={2005},
  publisher={John Wiley \& Sons}
}

@techreport{mcbride1993coefficients,
  title={Coefficients for calculating thermodynamic and transport properties of individual species},
  author={McBride, B.J. and Gordon, S. and Reno, M.A.},
  year={1993},
  institution={National Aeronautics and Space Administration},
  month={October},
  pages={94}
}

@article{mcdougall2015parallel,
  title={The Parallel C++ Statistical Library for Bayesian Inference: QUESO},
  author={McDougall, Damon and Malaya, Nicholas and Moser, Robert D},
  journal={arXiv preprint arXiv:1507.00398},
  year={2015}
}

@article{morrison2016representing,
  title={Representing model inadequacy: A stochastic operator approach},
  author={Morrison, R.E. and Oliver, T.A. and Moser, R.D.},
  journal={arXiv preprint arXiv:1604.01651},
  year={2016}
}

@article{oliver2015validating,
  title={Validating predictions of unobserved quantities},
  author={Oliver, Todd A and Terejanu, Gabriel and Simmons, Christopher S and Moser, Robert D},
  journal={Computer Methods in Applied Mechanics and Engineering},
  volume={283},
  pages={1310--1335},
  year={2015},
  publisher={Elsevier}
}

@inproceedings{oliver2011bayesian,
  title={Bayesian uncertainty quantification applied to RANS turbulence models},
  author={Oliver, T.A. and Moser, R.D.},
  booktitle={Journal of Physics: Conference Series},
  volume={318},
  number={4},
  pages={042032},
  year={2011},
  organization={IOP Publishing}
}

@article{oliver2012accounting,
  title={Accounting for uncertainty in the analysis of overlap layer mean velocity models},
  author={Oliver, T.A. and Moser, R.D.},
  journal={Physics of Fluids (1994-present)},
  volume={24},
  number={7},
  pages={075108},
  year={2012},
  publisher={AIP Publishing}
}

@inproceedings{peters1988laminar,
  title={Laminar flamelet concepts in turbulent combustion},
  author={Peters, N.},
  booktitle={Symposium (International) on Combustion},
  volume={21},
  number={1},
  pages={1231--1250},
  year={1988},
  organization={Elsevier}
}

@article{pitsch1998consistent,
  title={A consistent flamelet formulation for non-premixed combustion considering differential diffusion effects},
  author={Pitsch, H. and Peters, N.},
  journal={Combustion and Flame},
  volume={114},
  number={1},
  pages={26--40},
  year={1998},
  publisher={Elsevier}
}

@inproceedings{pitsch1998unsteady,
  title={Unsteady flamelet modeling of turbulent hydrogen-air diffusion flames},
  author={Pitsch, H. and Chen, M. and Peters, N.},
  booktitle={Symposium (international) on combustion},
  volume={27},
  number={1},
  pages={1057--1064},
  year={1998},
  organization={Elsevier}
}

@article{wang2016quantification,
  title={Quantification of Uncertainties in Turbulence Modeling: A Comparison of Physics-Based and Random Matrix Theoretic Approaches},
  author={Wang, J-X. and Sun, R. and Xiao, H.},
  journal={arXiv preprint arXiv:1603.05549},
  year={2016}
}

@incollection{williams1975recent,
  title={Recent advances in theoretical descriptions of turbulent diffusion flames},
  author={Williams, FA},
  booktitle={Turbulent mixing in nonreactive and reactive flows},
  pages={189--208},
  year={1975},
  publisher={Springer}
}

@article{williams2008detailed,
  title={Detailed and reduced chemistry for hydrogen autoignition},
  author={Williams, Forman A},
  journal={Journal of Loss prevention in the Process Industries},
  volume={21},
  number={2},
  pages={131--135},
  year={2008},
  publisher={Elsevier}
}

# Books

@book{law2010combustion,
  title={Combustion physics},
  author={Law, C.K.},
  year={2010},
  publisher={Cambridge university press}
}

@book{peters2000turbulent,
  title={Turbulent combustion},
  author={Peters, N.},
  year={2000},
  publisher={Cambridge University Press}
}

@book{poinsot2012theoretical,
  title={Theoretical and numerical combustion},
  author={Poinsot, T. and Veynante, D.},
  year={2012},
  publisher={Poinsot and Veynante}
}

@book{pope2001turbulent,
  title={Turbulent flows},
  author={Pope, S.B.},
  year={2001},
  publisher={IOP Publishing}
}

@phdthesis{morrison2016representation,
  title={On the Representation of Model Inadequacy:  A Stochastic Operator Approach},
  author={Morrison, R.},
  year={2016},
  school={University of Texas at Austin}
}

@article{yoo2009three,
	Author = {Yoo, Chun Sang and Sankaran, Ramanan and Chen, JH},
	Journal = {Journal of Fluid Mechanics},
	Pages = {453--481},
	Publisher = {Cambridge Univ Press},
	Title = {Three-dimensional direct numerical simulation of a turbulent lifted hydrogen jet flame in heated coflow: flame stabilization and structure},
	Volume = {640},
	Year = {2009}}


